@article{tellex2011understanding,
  title={Understanding natural language commands for robotic navigation and mobile manipulation},
  author={Tellex, Stefanie A and Kollar, Thomas Fleming and Dickerson, Steven R and Walter, Matthew R and Banerjee, Ashis and Teller, Seth and Roy, Nicholas},
  year={2011},
  publisher={AAAI Publications},
  annote={Method for grounding robot commands to natural language.}
}

@inproceedings{misra2014tell,
  title={Tell me dave: Context-sensitive grounding of natural language to mobile manipulation instructions},
  author={Misra, Dipendra K and Sung, Jaeyong and Lee, Kevin and Saxena, Ashutosh},
  booktitle={In RSS},
  year={2014},
  organization={Citeseer},
  annote={Method for grounding robot commands to natural language commands. Method can handle missing instructions (e.g. 'heat the pot' implies 'put pot on stove' first).}
}

@inproceedings{jain2013learning,
  title={Learning trajectory preferences for manipulators via iterative improvement},
  author={Jain, Ashesh and Wojcik, Brian and Joachims, Thorsten and Saxena, Ashutosh},
  booktitle={Advances in neural information processing systems},
  pages={575--583},
  year={2013},
  annote={Method for learning what trajectories humans prefer for different manipulation tasks. For example a knife should not be moved quickly past a human.}
}

@inproceedings{saxena2013anticipating,
  title={Anticipating human activities using object affordances for reactive robotic response},
  author={Saxena, Ashutosh},
  booktitle={In RSS},
  year={2013},
  organization={Citeseer},
  annote={Method for anticipating what a human will do in order to better react. Main method is on anticipating action and also presents several robot tasks using anticipation.}
}

@inproceedings{nikolaidis2013human,
  title={Human-robot cross-training: computational formulation, modeling and evaluation of a human team training strategy},
  author={Nikolaidis, Stefanos and Shah, Julie},
  booktitle={Proceedings of the 8th ACM/IEEE international conference on Human-robot interaction},
  pages={33--40},
  year={2013},
  organization={IEEE Press},
  annote={Develops human-robot cross-training where robot and human learn a joint task by trading off roles. Method shows that it helps robot learn better and human learn to work better with the robot.}
}

@article{dragangenerating,
  title={Generating Legible Motion},
  author={Dragan, Anca and Srinivasa, Siddhartha},
  annote={Method for generating motion that conveys intent to humans. For example when reaching for one object instead of another it may be important to reach out toward the side more than is optimal so the human knows the robot is choosing one object over another.}
}

