@article{csiba2018importance,
  title={Importance sampling for minibatches},
  author={Csiba, Dominik and Richt{\'a}rik, Peter},
  journal={Journal of Machine Learning Research},
  volume={19},
  number={27},
  year={2018},
  annote={Develop method that speeds convergence of SGD by using importance sampling to lower variance. Unlike previous work with a single example, the method is developed for minibatching.}
}
