@article{carpenter2000bootstrap,
  title={Bootstrap confidence intervals: when, which, what? A practical guide for medical statisticians.},
  author={Carpenter, James and Bithell, John},
  journal={Statistics in Medicine},
  pages={1141-1164},
  year={2000},
  publisher={John Wiley and Songs, Ltd.},
  annote={Practical guide for selecting bootstrap methods.}
}

@article{athreya1987bootstrap,
  title={Bootstrap of the mean in the infinite variance case},
  author={Athreya, KB},
  journal={The Annals of Statistics},
  pages={724--731},
  year={1987},
  publisher={JSTOR},
  annote={Analyzes bootstrapping when the population variance is infinite. Result is that the naive monte carlo bootstrap should not be used if the underlying population is very heavy tailed.}
}

@article{efron1979bootstrap,
  title={Bootstrap Methods: Another Look at the Jackknife},
  author={Efron, B and others},
  journal={The Annals of Statistics},
  volume={7},
  number={1},
  pages={1--26},
  year={1979},
  publisher={Institute of Mathematical Statistics},
  annote={Paper introducing bootstrapping.}
}
