@article{Thomas2015notation,
	title={A Notation for {M}arkov Decision Processes},
	author={Philip S. Thomas},
	year={2015},
	journal="ArXiv",
	volume="arXiv:1512.09075v1",
	}

@misc{baselines,
  author = {Dhariwal, Prafulla and Hesse, Christopher and Klimov, Oleg and Nichol, Alex and Plappert, Matthias and Radford, Alec and Schulman, John and Sidor, Szymon and Wu, Yuhuai},
  title = {OpenAI Baselines},
  year = {2017},
  publisher = {GitHub},
  journal = {GitHub repository},
  howpublished = {\url{https://github.com/openai/baselines}},
}
